@article{egorov2017nucypher,
  title={Nucypher KMS: decentralized key management system},
  author={Egorov, Michael and Wilkison, MacLane and Nu{\~n}ez, David},
  journal={arXiv preprint arXiv:1707.06140},
  year={2017}
}

@article{umbral2018,
  title={Umbral: A threshold proxy re-encryption scheme},
  author={Nu{\~n}ez, David},
  year={2018},
  note = {\url{https://github.com/nucypher/umbral-doc/blob/master/umbral-doc.pdf}}
}

@inproceedings{chiesa2010proof,
  title={Proof-Carrying Data and Hearsay Arguments from Signature Cards.},
  author={Chiesa, Alessandro and Tromer, Eran},
  booktitle={ICS},
  volume={10},
  pages={310--331},
  year={2010}
}

@inproceedings{syta2016keeping,
  title={Keeping authorities" honest or bust" with decentralized witness cosigning},
  author={Syta, Ewa and Tamas, Iulia and Visher, Dylan and Wolinsky, David Isaac and Jovanovic, Philipp and Gasser, Linus and Gailly, Nicolas and Khoffi, Ismail and Ford, Bryan},
  booktitle={2016 IEEE Symposium on Security and Privacy (SP)},
  pages={526--545},
  year={2016},
  organization={Ieee}
}

@article{schnorr1991efficient,
  title={Efficient signature generation by smart cards},
  author={Schnorr, Claus-Peter},
  journal={Journal of cryptology},
  volume={4},
  number={3},
  pages={161--174},
  year={1991},
  publisher={Springer}
}

@inproceedings{bellare2006multi,
  title={Multi-signatures in the plain public-key model and a general forking lemma},
  author={Bellare, Mihir and Neven, Gregory},
  booktitle={Proceedings of the 13th ACM conference on Computer and communications security},
  pages={390--399},
  year={2006}
}

@inproceedings{micali2001accountable,
  title={Accountable-subgroup multisignatures},
  author={Micali, Silvio and Ohta, Kazuo and Reyzin, Leonid},
  booktitle={Proceedings of the 8th ACM conference on Computer and Communications Security},
  pages={245--254},
  year={2001}
}

@inproceedings{micali1999verifiable,
  title={Verifiable random functions},
  author={Micali, Silvio and Rabin, Michael and Vadhan, Salil},
  booktitle={40th annual symposium on foundations of computer science (cat. No. 99CB37039)},
  pages={120--130},
  year={1999},
  organization={IEEE}
}

@article{bonneau2015bitcoin,
  title={On Bitcoin as a public randomness source.},
  author={Bonneau, Joseph and Clark, Jeremy and Goldfeder, Steven},
  journal={IACR Cryptology ePrint Archive},
  volume={2015},
  pages={1015},
  year={2015}
}

@manual{nist-beacon,
  title = {NIST Random Beacon},
  note = {\url{https://beacon.nist.gov/home}}
 }
 
 @inproceedings{almashaqbeh2020microcash,
  title={Microcash: Practical concurrent processing of micropayments},
  author={Almashaqbeh, Ghada and Bishop, Allison and Cappos, Justin},
  booktitle={International Conference on Financial Cryptography and Data Security},
  pages={227--244},
  year={2020},
  organization={Springer}
}