@inproceedings{Gervais15,
  title={Tampering with the delivery of blocks and transactions in bitcoin},
  author={Gervais, Arthur and Ritzdorf, Hubert and Karame, Ghassan O and Capkun, Srdjan},
  booktitle={Proceedings of the 22nd ACM SIGSAC Conference on Computer and Communications Security},
  pages={692--705},
  year={2015},
  organization={ACM}
}

@article{Angluin79,
  title={Fast probabilistic algorithms for Hamiltonian circuits and matchings},
  author={Angluin, Dana and Valiant, Leslie G},
  journal={Journal of Computer and system Sciences},
  volume={18},
  number={2},
  pages={155--193},
  year={1979},
}

@book{Mitzenmacher17,
  title={Probability and computing: Randomization and probabilistic techniques in algorithms and data analysis},
  author={Mitzenmacher, Michael and Upfal, Eli},
  year={2017},
  publisher={Cambridge university press}
}

@inproceedings{Almashaqbeh19,
   author = {Almashaqbeh, Ghada and Bishop, Allison and Cappos, Justin},
    title = {ABC: A Threat Modeling Framework for Cryptocurrencies},
booktitle={IEEE INFOCOM Workshop on Cryptocurrencies and Blockchains for Distributed Systems (CryBlock)},    
year = {2019}
}

@article{Taha17,
   author = {{Taha Ali}, S. and {Clarke}, D. and {McCorry}, P.},
    title = {The Nuts and Bolts of Micropayments: A Survey},
    journal={arXiv preprint arXiv:1710.02964},
     year = {2017}
}

@article{orchid,
   author = {Salamon, David L. and Simonsson, Salamon and Vohaska, Brian  and Fox, Brian J. and Bell, Stephen F. and Waterhouse, Steven},
    title = {Orchid: Enabling Decentralized Network Formation and Probabilistic Micro-Payments},
    journal={\url{https://orchidprotocol.com/}},
     year = {2017}
}

@inproceedings{Malavolta17,
 author = {Malavolta, Giulio and Moreno-Sanchez, Pedro and Kate, Aniket and Maffei, Matteo and Ravi, Srivatsan},
 title = {Concurrency and Privacy with Payment-Channel Networks},
 booktitle = {Proceedings of the 2017 ACM SIGSAC Conference on Computer and Communications Security},
 year = {2017},
 publisher = {ACM}
} 

@inproceedings{Croman16,
  title={On scaling decentralized blockchains},
  author={Croman, Kyle and Decker, Christian and Eyal, Ittay and Gencer, Adem Efe and Juels, Ari and Kosba, Ahmed and Miller, Andrew and Saxena, Prateek and Shi, Elaine and Sirer, Emin G{\"u}n and others},
  booktitle={International Conference on Financial Cryptography and Data Security},
  pages={106--125},
  year={2016},
  organization={Springer}
}

@misc{Hearn12,
  title = {Bitcoin Contracts},
  howpublished = {\url{https://en.bitcoin.it/wiki/Contract}},
 author={Heran, Mike and Spilman, Jeremy},
  year={2012}
 }

@inproceedings{Nair08,
  title={Floodgate: A micropayment incentivized p2p content delivery network},
  author={Nair, Srijith K and Zentveld, Erik and Crispo, Bruno and Tanenbaum, Andrew S},
  booktitle={Computer Communications and Networks, 2008. ICCCN'08. Proceedings of 17th International Conference on},
  pages={1--7},
  year={2008},
  organization={IEEE}
}

@inproceedings{Wheeler96,
  title={Transactions using bets},
  author={Wheeler, David},
  booktitle={International Workshop on Security Protocols},
  pages={89--92},
  year={1996},
  organization={Springer}
}

@inproceedings{Rivest97,
  title={Electronic lottery tickets as micropayments},
  author={Rivest, Ronald L},
  booktitle={International Conference on Financial Cryptography},
  pages={307--314},
  year={1997},
  organization={Springer}
}

@inproceedings{Rivest04,
  title={Peppercoin micropayments},
  author={Rivest, Ronald L},
  booktitle={International Conference on Financial Cryptography},
  pages={2--8},
  year={2004},
  organization={Springer}
}

@inproceedings{Micali02,
  title={Micropayments revisited},
  author={Micali, Silvio and Rivest, Ronald L},
  booktitle={Cryptographersâ€™ Track at the RSA Conference},
  pages={149--163},
  year={2002},
  organization={Springer}
}

@inproceedings{Lipton98,
  title={Micro-payments via efficient coin-flipping},
  author={Lipton, Richard J and Ostrovsky, Rafail},
  booktitle={International Conference on Financial Cryptography},
  pages={1--15},
  year={1998},
  organization={Springer}
}

@inproceedings{Pass15,
  title={Micropayments for decentralized currencies},
  author={Pass, Rafael and Shelat, Abhi},
  booktitle={CCS},
  pages={207--218},
  year={2015},
  organization={ACM}
}

@inproceedings{Pass16,
  title={Micropayments for decentralized currencies},
  author={Pass, Rafael and Shelat, Abhi},
  booktitle={Cryptology ePrint Archive, Report 2016/332},
  year={2016},
}

@inproceedings{Chiesa17,
  title={Decentralized Anonymous Micropayments},
  author={Chiesa, Alessandro and Green, Matthew and Liu, Jingcheng and Miao, Peihan and Miers, Ian and Mishra, Pratyush},
  booktitle={Annual International Conference on the Theory and Applications of Cryptographic Techniques},
  pages={609--642},
  year={2017},
  organization={Springer}
}

@inproceedings{Sasson14,
  title={Zerocash: Decentralized anonymous payments from bitcoin},
  author={Sasson, Eli Ben and Chiesa, Alessandro and Garman, Christina and Green, Matthew and Miers, Ian and Tromer, Eran and Virza, Madars},
  booktitle={IEEE SP},
  year={2014},
}

@article{Poon15,
  title={The bitcoin lightning network: Scalable off-chain instant payments},
  author={Poon, Joseph and Dryja, Thaddeus},
  journal={Technical Report (draft)},
  year={2015}
}

@techreport{Heilman16,
  title={TumbleBit: An untrusted Bitcoin-compatible anonymous payment hub},
  author={Heilman, Ethan and Alshenibr, Leen and Baldimtsi, Foteini and Scafuro, Alessandra and Goldberg, Sharon},
  year={2016},
  institution={Cryptology ePrint Archive, Report 2016/575}
}

@inproceedings{Decker15,
  title={A fast and scalable payment network with bitcoin duplex micropayment channels},
  author={Decker, Christian and Wattenhofer, Roger},
  booktitle={Symposium on Self-Stabilizing Systems},
  pages={3--18},
  year={2015},
  organization={Springer}
}

@techreport{Green16,
  title={Bolt: Anonymous payment channels for decentralized currencies},
  author={Green, Matthew and Miers, Ian},
  year={2016},
  institution={Cryptology ePrint Archive, Report 2016/701}
}

@article{Miller17,
  title={Sprites: Payment Channels that Go Faster than Lightning},
  author={Miller, Andrew and Bentov, Iddo and Kumaresan, Ranjit and McCorry, Patrick},
  journal={arXiv preprint arXiv:1702.05812},
  year={2017}
}

@inproceedings{Cohen03,
  title={Incentives build robustness in BitTorrent},
  author={Cohen, Bram},
  booktitle={Workshop on Economics of Peer-to-Peer systems},
  volume={6},
  pages={68--72},
  year={2003}
}

@article{Bloom70,
  title={Space/time trade-offs in hash coding with allowable errors},
  author={Bloom, Burton H},
  journal={Communications of the ACM},
  volume={13},
  number={7},
  pages={422--426},
  year={1970},
  publisher={ACM}
}

@article{Mitzenmacher02,
  title={Compressed bloom filters},
  author={Mitzenmacher, Michael},
  journal={IEEE/ACM transactions on networking},
  volume={10},
  number={5},
  pages={604--612},
  year={2002},
  publisher={IEEE}
}

@inproceedings{Syta16,
  title={Keeping authorities" honest or bust" with decentralized witness cosigning},
  author={Syta, Ewa and Tamas, Iulia and Visher, Dylan and Wolinsky, David Isaac and Jovanovic, Philipp and Gasser, Linus and Gailly, Nicolas and Khoffi, Ismail and Ford, Bryan},
  booktitle={Security and Privacy (SP), 2016 IEEE Symposium on},
  pages={526--545},
  year={2016},
  organization={IEEE}
}

@inproceedings{Parno2013,
  title={Pinocchio: Nearly practical verifiable computation},
  author={Parno, Bryan and Howell, Jon and Gentry, Craig and Raykova, Mariana},
  booktitle={Security and Privacy (SP), 2013 IEEE Symposium on},
  pages={238--252},
  year={2013},
  organization={IEEE}
}

@article{Sirivianos09,
  title={Robust and efficient incentives for cooperative content distribution},
  author={Sirivianos, Michael and Yang, Xiaowei and Jarecki, Stanislaw},
  journal={IEEE/ACM Transactions on Networking (TON)},
  volume={17},
  number={6},
  pages={1766--1779},
  year={2009},
  publisher={IEEE Press}
}

@inproceedings{Wendell11,
  title={Going viral: flash crowds in an open CDN},
  author={Wendell, Patrick and Freedman, Michael J},
  booktitle={Proceedings of the 2011 ACM SIGCOMM conference on Internet measurement conference},
  pages={549--558},
  year={2011},
  organization={ACM}
}

@inproceedings{Kassa13,
  title={Hincent: Quick content distribution with priorities and high incentives},
  author={Kassa, Debessay Fesehaye and Nahrstedt, Klara},
  booktitle={Consumer Communications and Networking Conference (CCNC), 2013 IEEE},
  pages={22--30},
  year={2013},
  organization={IEEE}
}

@inproceedings{Almashaqbeh17,
  title={CacheCash: A Cryptocurrency-based Decentralized Content Delivery Service},
  author={...},
  booktitle={Submitted},
  year={2017}
}

@misc{solidity,
  title = {Solidity},
  howpublished = {\url{https://solidity.readthedocs.io/en/latest/}},
  note = {}
}

@misc{geth,
  title = {Geth},
  howpublished = {\url{https://geth.ethereum.org/}},
  note = {}
}

@misc{testrpc,
  title = {testrpc},
  howpublished = {\url{https://github.com/ethereumjs/testrpc}},
  note = {}
}

@article{ethereum,
  title={Ethereum: A secure decentralised generalised transaction ledger},
  author={Wood, Gavin},
  journal={Ethereum Project Yellow Paper},
  year={2014}
}

@article{bitcoin,
  title={Bitcoin: A peer-to-peer electronic cash system},
  author={Nakamoto, Satoshi},
  year={2008},
}

@book{Antonopoulos14,
  title={Mastering Bitcoin: unlocking digital cryptocurrencies},
  author={Antonopoulos, Andreas M},
  year={2014},
  publisher={" O'Reilly Media, Inc."}
}

@misc{bitcoinj,
  title = {Bitcoinj},
  howpublished = {\url{https://bitcoinj.github.io/working-with-micropayments}},
  note = {}
}

@misc{boinc,
  title = {BOINC},
  howpublished = {\url{https://boinc.berkeley.edu/}},
}

@misc{golem,
  title = {Golem Network},
  howpublished = {\url{https://golem.network/}},
}

@misc{iota,
  title = {IOTA},
  howpublished = {\url{https://iota.org/}},
  note = {}
}

@misc{steem,
  title = {Steem},
  howpublished = {\url{https://steem.io/}},
  note = {}
}

@article{storj,
  title={Storj A Peer-to-Peer Cloud Storage Network},
  author={Wilkinson, Shawn and Boshevski, Tome and Brandoff, Josh and Buterin, Vitalik},
  year={2014},
  publisher={Citeseer}
}

@misc{litecoin,
  title = {Litecoin},
  howpublished = {\url{https://litecoin.com/}},
  note = {}
}

@misc{counterparty,
  title = {Counterparty},
  howpublished = {\url{https://counterparty.io/}},
  note = {}
}

@misc{ct-article,
  title = {"Lightning Network Will Be Highly Centralized"},
  howpublished = {\url{https://cointelegraph.com/news/lightning-network-will-be-highly-centralized-gavin-andresen}},
  note = {}
}

@misc{bitcoin-segwit,
  title = {"Segregated witness: the next steps"},
  howpublished = {\url{https://bitcoincore.org/en/2016/06/24/segwit-next-steps/}},
  note = {}
}

@misc{bitcoin-lt,
  title = {"bitcoinwiki - Lightning Networks"},
  howpublished = {\url{https://en.bitcoin.it/wiki/Lightning_Network}},
  note = {}
}

@misc{litecoin-lt,
  title = {"Litecoin's SegWit Activation: Why it Matters and What's Next"},
  howpublished = {\url{https://www.coindesk.com/litecoins-segwit-activation-why-it-matters-and-whats-next/}},
  note = {}
}

@misc{storj-counterparty-lt,
  title = {"Storj and Counterparty partner to add support for payment channels"},
  howpublished = {\url{https://counterparty.io/news/storj-and-counterparty-partner-to-add-support-for-payment-channels/}},
  note = {}
}

@misc{wsj-article,
  title = {"Why You Wonâ€™t Be Buying a Coffee With Bitcoin Anytime Soon"},
  howpublished = {\url{https://www.wsj.com/article_email/why-you-wont-be-buying-a-coffee-with-bitcoin-anytime-soon-1498996800-lMyQjAxMTE3OTA2MjkwNjIzWj/}},
  note = {}
}


@manual{cap-market,
  title = {CryptoCurrency Market Capitalizations},
  note = {\url{https://coinmarketcap.com/}}
}

@article{Goldberg16,
  title={NSEC5 from Elliptic Curves: Provably Preventing DNSSEC Zone Enumeration with Shorter Responses.},
  author={Goldberg, Sharon and Naor, Moni and Papadopoulos, Dimitrios and Reyzin, Leonid},
  journal={IACR Cryptology ePrint Archive},
  volume={2016},
  pages={83},
  year={2016}
}

@manual{ecvrf,
  title = {NSEC5-Crypto},
  note = {\url{https://github.com/fcelda/nsec5-crypto}}
}

@manual{blockchain-info,
  title = {Blockchain Info},
  note = {\url{https://blockchain.info/charts/n-transactions}}
}

@manual{eth-gas-station,
  title = {Etheruem Gas Station},
  note = {\url{https://ethgasstation.info/}}
}

@manual{netflix-speed,
  title = {Netflix Internet Connection Speed Recommendations},
  note = {\url{https://help.netflix.com/en/node/306}}
}

@manual{bitcoin-fee-based-size,
  title = {Bitcoin Fees Explained},
  note = {\url{http://bitcoinfees.com/}}
}

@manual{debit-fee,
  title = {Board of Governers of the Federal Reserve System, press release June 2011},
  note = {\url{https://www.federalreserve.gov/newsevents/pressreleases/bcreg20110629a.htm}}
}

@manual{credit-fee,
  title = {Board of Governers of the Federal Reserve System, Regulation II},
  note = {\url{https://www.federalreserve.gov/paymentsystems/regii-about.htm}}
}

@manual{bitcoin-fee,
  title = {BitInfoCharts, Bitcoin avg. transaction fee},
  note = {\url{https://bitinfocharts.com/comparison/bitcoin-transactionfees.html}}
}

@manual{att,
  title = {At\&t Network Averages},
  note = {\url{https://ipnetwork.bgtmo.ip.att.net/pws/averages.html}}
}

@manual{bloxroute,
  title = {BloXroute: A Scalable Trustless Blockchain Distribution Network},
  note = {\url{https://bloxroute.com/wp-content/uploads/2018/03/bloXroute-whitepaper.pdf}}
}

@manual{bitcoin-throughput,
  title = {Bitcoin wiki: Maximum transaction rate},
  note = {\url{https://en.bitcoin.it/wiki/Maximum_transaction_rate}}
}

@book{Sutton98,
  title={Reinforcement learning: An introduction},
  author={Sutton, Richard S and Barto, Andrew G and others},
  year={1998},
  publisher={MIT press}
}

@article{Bernstein12,
  title={High-speed high-security signatures},
  author={Bernstein, Daniel J and Duif, Niels and Lange, Tanja and Schwabe, Peter and Yang, Bo-Yin},
  journal={Journal of Cryptographic Engineering},
  volume={2},
  number={2},
  year={2012},
  publisher={Springer}
}


@manual{ripple-eddsa,
  title = {Ripple to use Ed25519},
  note = {\url{https://ripple.com/dev-blog/curves-with-a-twist/}}
}

@manual{stellar-eddsa,
  title = {Signatures in Stellar},
  note = {\url{https://www.stellar.org/developers/guides/concepts/multi-sig.html}}
}

@manual{monero-eddsa,
  title = {Monero: Privacy in the blockchain},
  note = {\url{https://eprint.iacr.org/2018/535.pdf}}
}

@manual{ethereum-eddsa,
  title = {EIP 665: Add precompiled contract for Ed25519 signature verification},
  note = {\url{https://eips.ethereum.org/EIPS/eip-665}}
 }
 
 @manual{bitcoin-tx-size,
  title = {TradeBlock: Analysis of Bitcoin Transaction Size Trends},
  note = {\url{https://tradeblock.com/blog/analysis-of-bitcoin-transaction-size-trends}}
 }
 
 
 @inproceedings{Boneh18,
  title={Verifiable delay functions},
  author={Boneh, Dan and Bonneau, Joseph and B{\"u}nz, Benedikt and Fisch, Ben},
  booktitle={Annual International Cryptology Conference},
  year={2018},
  organization={Springer}
}
 
 
@inproceedings{Sapirshtein16,
  title={Optimal selfish mining strategies in bitcoin},
  author={Sapirshtein, Ayelet and Sompolinsky, Yonatan and Zohar, Aviv},
  booktitle={International Conference on Financial Cryptography and Data Security},
  year={2016},
  organization={Springer}
}

@article{Chen18,
  title={ALGORAND AGREEMENT: Super Fast and Partition Resilient Byzantine Agreement.},
  author={Chen, Jing and Gorbunov, Sergey and Micali, Silvio and Vlachos, Georgios},
  journal={IACR Cryptology ePrint Archive},
  volume={Report 2018/377},
  year={2018}
}

@manual{bitcoin-tx-fee,
  title = {Bitcoin transaction fees},
  note = {\url{https://bitinfocharts.com/bitcoin/}}
}
 
@manual{minecraft,
  title = {Minecraft},
  note = {\url{https://minecraft.net/en-us/}}
 }
 
@manual{minecraft-price,
  title = {GameServers: Minecraft},
  note = {\url{https://www.gameservers.com/game_servers/minecraft.php}}
 }
 
 @manual{cdn-price,
  title = {Amazon CloudFront Pricing},
  note = {\url{https://aws.amazon.com/cloudfront/pricing/}}
 }
 
 @manual{material,
  title = {Supplemental Material},
  note = {\url{https://www.dropbox.com/s/799j92dnyz2bskk/microcashThreatModel.pdf?dl=0}}
 }
 
 @manual{additonal-fee,
  title = {Average Credit Card Processing Fees},
  note = {\url{https://www.cardfellow.com/blog/average-fees-for-credit-card-processing/}}
 }
 
 @manual{game-dev-cost,
  title = {Video Games Development Costs},
  note = {\url{https://en.wikipedia.org/wiki/List_of_most_expensive_video_games_to_develop}}
 }
 
 
 @manual{upload-speed,
  title = {Bandwidth upload speed in the US},
  note = {\url{https://www.recode.net/2017/9/7/16264430/fastest-broadband-speeds-ookla-city-internet-service-provider}}
 }
 
 @article{Almashaqbeh2019b,
  title={Microcash: Practical concurrent processing of micropayments},
  author={Almashaqbeh, Ghada and Bishop, Allison and Cappos, Justin},
  journal={arXiv preprint arXiv:1911.08520},
  note = {\url{https://arxiv.org/abs/1911.08520}},
  year={2019}
}
 
@misc{akamai,
  title = {Akamai},
  howpublished = {\url{https://www.akamai.com/}}
}

@misc{nucypher,
  title = {NuCypher},
  howpublished = {\url{https://www.nucypher.com/}}
} 

@misc{dropbox,
  title = {Dropbox},
  howpublished = {\url{https://www.dropbox.com/}}
} 

@misc{filecoin,
  title = {Filecoin},
  howpublished = {\url{https://filecoin.io/}}
} 

@phdthesis{almashaqbeh2019cachecash,
  title={CacheCash: A Cryptocurrency-based Decentralized Content Delivery Network},
  author={Almashaqbeh, Ghada},
  year={2019},
  school={Columbia University}
}

@manual{stellar-hack,
  title = {$\$$400,000 stolen in Lumens BlackWallet theft},
  note = {\url{https://www.zdnet.com/article/400000-stolen-in-lumens-blackwallet-theft/}}
}

@misc{japan-exchange-hack,
  title = {Monex to revamp Coincheck cryptocurrency exchange in mere months},
  note = {\url{https://www.zdnet.com/article/monex-to-revamp-coincheck-cryptocurrency-exchange-within-two-months/}}
}

@misc{mine-hack,
  title = {CoffeeMiner hijacks public Wi-Fi users' browsing sessions to mine cryptocurrency},
  note = {\url{https://www.zdnet.com/article/how-to-hack-public-wi-fi-to-mine-for-cryptocurrency/}}
}

@misc{benebit-scam,
  title = {Benebit â€“ The Biggest ICO Exit Scam In History Nets Up to $\$$4 Million},
  note = {\url{https://www.coinbureau.com/ico/benebit-biggest-ico-exit-scam-history-nets-4-million/}}
}

@misc{bitcoingold-double-spending,
  title = {Bitcoin Gold suffers double spend attacks, $\$$17.5 million lost},
  note = {\url{https://www.zdnet.com/article/bitcoin-gold-hit-with-double-spend-attacks-18-million-lost/}}
}

@misc{coinsecure-hack,
  title = {Coinsecure, not so secure: Millions in cryptocurrency stolen, CSO blamed},
  note = {\url{https://www.zdnet.com/article/coinsecure-not-so-secure-millions-in-cryptocurrency-stolen-cso-branded-as-thief/}}
}

@misc{binance-hack,
  title = {Binance cryptocurrency sell-off disaster blamed on mass phishing campaign},
  note = {\url{https://www.zdnet.com/article/binance-cryptocurrency-sell-off-disaster-blamed-on-mass-phishing-campaign/}}
}

@misc{korea-exchange-hack,
  title = {South Korean cryptocurrency exchange hack sees $\$$40m in altcoin stolen},
  note = {\url{https://www.zdnet.com/article/south-korean-cryptocurrency-exchange-hack-sees-40m-in-altcoin-stolen/}}
}

@misc{bitcoin-cash-hack,
  title = {Bitcoin Cash exploit cripples network during scheduled hardfork upgrade},
  note = {\url{https://cryptoslate.com/bitcoin-cash-exploit-cripples-network-hardfork/}}
}

@misc{eth-hack,
  title = {Hackers Stole $\$$32 Million in Ethereum},
  note = {\url{https://thehackernews.com/2017/07/ethereum-cryptocurrency-hacking.html}}
}


@misc{ico-hack-b,
  title = {Hackers Hijack Another Ethereum ICO, Small Number of Users Affected},
  note = {\url{https://www.bleepingcomputer.com/news/security/hackers-hijack-another-ethereum-ico-small-number-of-users-affected/}}
}


@misc{exchange-hack,
  title = {One of the world's biggest bitcoin exchanges has been hacked},
  note = {\url{http://www.businessinsider.com/south-korean-bitcoin-exchange-bithumb-hacked-ethereum-2017-7}}
}


@misc{exchange-hack-b,
  title = {The Bitfinex Bitcoin Hack: What We Know (And Don't Know)},
  note = {\url{https://www.coindesk.com/bitfinex-bitcoin-hack-know-dont-know/}}
}


@misc{bitfloor-hack,
  title = {Bitfloor Hacked, $\$$250,000 Missing},
  note = {\url{https://bitcoinmagazine.com/articles/bitfloor-hacked-250000-missing-1346821046/}}
}


@misc{poloniex-hack,
  title = {Poloniex Loses 12.3$\%$ of its Bitcoins in Latest Bitcoin Exchange Hack},
  note = {\url{https://www.coindesk.com/poloniex-loses-12-3-bitcoins-latest-bitcoin-exchange-hack/}}
}


@misc{bitstamp-hack,
  title = {Bitstamp Claims $\$$5 Million Lost in Hot Wallet Hack},
  note = {\url{https://www.coindesk.com/bitstamp-claims-roughly-19000-btc-lost-hot-wallet-hack/}}
}


@misc{steemit-hack,
  title = {Steemit Hacked for â€˜$\$$85,000â€™ as Users Complain of Weak Security},
  note = {\url{https://news.bitcoin.com/steemit-hacked-weak-security/}}
}


@misc{veritaseum-hack,
  title = {Veritaseum Founder Claims $\$$8 Million in ICO Tokens Stolen},
  note = {\url{https://www.coindesk.com/veritaseum-founder-claims-8-million-ico-token-stolen/}}
}


@misc{enigma-hack,
  title = {Enigmaâ€™s Hack: $\$$500,000 of Ether Stolen, Accounts Compromised},
  note = {\url{https://cointelegraph.com/news/enigmas-hack-500000-of-ether-stolen-accounts-compromised}}
}

@inproceedings{Almashaqbeh19b,
  title={CAPnet: A Defense Against Cache Accounting Attacks on Content Distribution Networks},
  author={Almashaqbeh, Ghada and Kelley, Kevin and Bishop, Allison and Cappos, Justin},
  booktitle={2019 IEEE Conference on Communications and Network Security (CNS)},
  pages={250--258},
  year={2019},
  organization={IEEE}
}

@inproceedings{Moran19,
  title={Simple proofs of space-time and rational proofs of storage},
  author={Moran, Tal and Orlov, Ilan},
  booktitle={Annual International Cryptology Conference},
  pages={381--409},
  year={2019},
  organization={Springer}
}

@inproceedings{Chiesa17,
  title={Decentralized anonymous micropayments},
  author={Chiesa, Alessandro and Green, Matthew and Liu, Jingcheng and Miao, Peihan and Miers, Ian and Mishra, Pratyush},
  booktitle={Annual International Conference on the Theory and Applications of Cryptographic Techniques},
  pages={609--642},
  year={2017},
  organization={Springer}
}

@inproceedings{Pass15,
  title={Micropayments for decentralized currencies},
  author={Pass, Rafael and Shelat, Abhi},
  booktitle={The 22nd ACM SIGSAC Conference on Computer and Communications Security},
  pages={207--218},
  year={2015}
}

@inproceedings{Almashaqbeh20,
  title={MicroCash: Practical Concurrent Processing of Micropayments},
  author={Almashaqbeh, Ghada and Bishop, Allison and Cappos, Justin},
  booktitle={Financial Cryptography and Data Security},
  year={2020}
}

@inproceedings{Nicolae14,
  title={Bursting the cloud data bubble: Towards transparent storage elasticity in iaas clouds},
  author={Nicolae, Bogdan and Riteau, Pierre and Keahey, Kate},
  booktitle={2014 IEEE 28th International Parallel and Distributed Processing Symposium},
  pages={135--144},
  year={2014},
  organization={IEEE}
}

@book{Buyya2008,
  title={Content delivery networks},
  author={Buyya, Rajkumar and Pathan, Mukaddim and Vakali, Athena},
  volume={9},
  year={2008},
  publisher={Springer Science \& Business Media}
}

@article{Jin2016,
  title={Toward cost-efficient content placement in media cloud: modeling and analysis},
  author={Jin, Yichao and Wen, Yonggang and Guan, Kyle},
  journal={IEEE Transactions on Multimedia},
  volume={18},
  number={5},
  pages={807--819},
  year={2016},
  publisher={IEEE}
}

@inproceedings{Kassa13,
  title={Hincent: Quick content distribution with priorities and high incentives},
  author={Kassa, Debessay Fesehaye and Nahrstedt, Klara},
  booktitle={Consumer Communications and Networking Conference (CCNC), 2013 IEEE},
  pages={22--30},
  year={2013},
  organization={IEEE}
}

@article{ethereum,
  title={Ethereum: A secure decentralised generalised transaction ledger},
  author={Wood, Gavin and others},
  journal={Ethereum project yellow paper},
  volume={151},
  number={2014},
  pages={1--32},
  year={2014}
}

@inproceedings{Zhang09,
  title={A review of incentive mechanism in peer-to-peer systems},
  author={Zhang, Kan and Antonopoulos, Nick and Mahmood, Zaigham},
  booktitle={2009 First International Conference on Advances in P2P Systems},
  pages={45--50},
  year={2009},
  organization={IEEE}
}

@inproceedings{Nair08,
  title={Floodgate: A micropayment incentivized p2p content delivery network},
  author={Nair, Srijith K and Zentveld, Erik and Crispo, Bruno and Tanenbaum, Andrew S},
  booktitle={Computer Communications and Networks, 2008. ICCCN'08. Proceedings of 17th International Conference on},
  pages={1--7},
  year={2008},
  organization={IEEE}
}

@techreport{Pagnia99,
  title={On the impossibility of fair exchange without a trusted third party},
  author={Pagnia, Henning and G{\"a}rtner, Felix C},
  year={1999},
  institution={Technical Report TUD-BS-1999-02, Darmstadt University of Technology~â€¦}
}

@techreport{Even80,
  title={Relations among public key signature systems},
  author={Even, Shimon and Yacobi, Yacov},
  year={1980},
  institution={Computer Science Department, Technion}
}

@inproceedings{Fisch19,
  title={Tight proofs of space and replication},
  author={Fisch, Ben},
  booktitle={Annual International Conference on the Theory and Applications of Cryptographic Techniques},
  pages={324--348},
  year={2019},
  organization={Springer}
}

@misc{azure,
  title = {Microsoft Azure Key Vault},
  note = {\url{https://azure.microsoft.com/en-us/services/key-vault/}}
}

@article{egorov2017nucypher,
  title={Nucypher KMS: decentralized key management system},
  author={Egorov, Michael and Wilkison, MacLane and Nu{\~n}ez, David},
  journal={arXiv preprint arXiv:1707.06140},
  year={2017}
}

@article{umbral2018,
  title={Umbral: A threshold proxy re-encryption scheme},
  author={Nu{\~n}ez, David},
  year={2018},
  note = {\url{https://github.com/nucypher/umbral-doc/blob/master/umbral-doc.pdf}}
}

@article{confirm-activity-draft,
  title={Confirm Activity in the NuCypher Network},
  author={Almashaqbeh, Ghada},
  year={2020},
  note = {\url{https://github.com/nucypher/confirm-activity-doc/blob/master/confirm-activity/confirm-activity-doc.pdf}}
}

@inproceedings{syta2016keeping,
  title={Keeping authorities" honest or bust" with decentralized witness cosigning},
  author={Syta, Ewa and Tamas, Iulia and Visher, Dylan and Wolinsky, David Isaac and Jovanovic, Philipp and Gasser, Linus and Gailly, Nicolas and Khoffi, Ismail and Ford, Bryan},
  booktitle={2016 IEEE Symposium on Security and Privacy (SP)},
  pages={526--545},
  year={2016},
  organization={Ieee}
}

@inproceedings{chiesa2010proof,
  title={Proof-Carrying Data and Hearsay Arguments from Signature Cards.},
  author={Chiesa, Alessandro and Tromer, Eran},
  booktitle={ICS},
  volume={10},
  pages={310--331},
  year={2010}
}

@inproceedings{valiant08,
  title={Incrementally verifiable computation or proofs of knowledge imply time/space efficiency},
  author={Valiant, Paul},
  booktitle={Theory of Cryptography Conference},
  pages={1--18},
  year={2008},
  organization={Springer}
}

@inproceedings{bunz18,
  title={Bulletproofs: Short proofs for confidential transactions and more},
  author={B{\"u}nz, Benedikt and Bootle, Jonathan and Boneh, Dan and Poelstra, Andrew and Wuille, Pieter and Maxwell, Greg},
  booktitle={2018 IEEE Symposium on Security and Privacy (SP)},
  pages={315--334},
  year={2018},
  organization={IEEE}
}

@inproceedings{Wheeler96,
  title={Transactions using bets},
  author={Wheeler, David},
  booktitle={International Workshop on Security Protocols},
  pages={89--92},
  year={1996},
  organization={Springer}
}

@inproceedings{Rivest97,
  title={Electronic lottery tickets as micropayments},
  author={Rivest, Ronald L},
  booktitle={International Conference on Financial Cryptography},
  pages={307--314},
  year={1997},
  organization={Springer}
}

@inproceedings{dottling19,
  title={Incremental proofs of sequential work},
  author={D{\"o}ttling, Nico and Lai, Russell WF and Malavolta, Giulio},
  booktitle={Annual International Conference on the Theory and Applications of Cryptographic Techniques},
  pages={292--323},
  year={2019},
  organization={Springer}
}